% Encoding: UTF-8

@Book{tsne,
  title     = {Visualizing High-Dimensional Data Using t-SNE},
  publisher = {Journal of Machine Learning Research},
  year      = {2008},
  author    = {L.J.P. van der Maaten and G.E. Hinton},
}

@Book{deepcontent,
  title     = {Deep content-based music recommendation},
  publisher = {Electronics and Information Systems department (ELIS), Ghent University},
  author    = {Aaron van den Oord and Sander Dieleman and Benjamin Schrauwen},
  note      = {http://papers.nips.cc/paper/5004-deep-content-based-music-recommendation.pdf},
}

@Book{musicscience,
  title     = {Music science},
  publisher = {O'Reilly},
  author    = {Alistar Croll},
  year      = {2015},
}

@Book{embedinganalytics,
  title     = {Embeding analytics in modern applications},
  publisher = {O'Reilly},
  author    = {Courtney Webster},
  year      = {2016},
}

@Book{goingpro,
  title     = {Going pro in data science},
  publisher = {O'Reilly},
  author    = {Jerry Overton},
  year      = {2016},
}

@Book{musicengineering,
  title     = {Music engineering},
  publisher = {Elsevier / Newnes},
  author    = {Richard Brice},
  year      = {2001},
}

@Book{handbook,
  title     = {Hands-On Machine Learning with Scikit-Learn and TensorFlow},
  publisher = {O'Reilly Media},
  author    = {Aurélien Géron},
  year      = {2017},
}

@Book{design,
  title     = {Designing Machine Learning Systems with Python},
  publisher = {Packt Publishing},
  author    = {David Julian},
  year      = {2016},
}

@Book{keras,
  title     = {Deep Learning with Keras},
  publisher = {Packt Publishing},
  author    = {Antonio Gulli and Sujit Pal},
  year      = {2017},
}

@Book{deep,
  title     = {Fundamentals of Deep Learning},
  publisher = {O'Reilly Media},
  author    = {Nikhil Buduma},
  year      = {2017},
}

@Book{digital,
  title     = {Digital Audio Essentials},
  publisher = {O'Reilly Media},
  author    = {Bruce Fries and Marty Fries},
  year      = {2005},
}

@Book{dummy,
  title     = {Machine Learning For Dummies},
  publisher = {Wiley / For Dummies},
  author    = {John Paul Mueller and Luca Massaron},
  year      = {2016},
}

@Book{sigproc,
  title     = {Digital Signal Processing},
  publisher = {Elsevier / Newnes},
  author    = {Michael Parker},
  year      = {2010},
}

@Book{mel,
  title     = {Comparative evaluation of various MFCC implementations on the speaker verification task},
  publisher = {University of Patras},
  author    = {T. Ganchev and N. Fakotakis and G. Kokkinakis},
  year      = {2005},
}

@Book{fon,
  title     = {Переработка информации у человека},
  publisher = {Мир},
  author    = {П. Линдсей and Д. Норман},
  year      = {1974},
}

@Book{gost_19.701,
  title     = {ГОСТ 19.701-90. Единая система программной документации. Схемы алгоритмов, программ, данных и систем. Условные обозначения и правила выполнения.},
  publisher = {Издательство стандартов},
  year      = {1991},
  address   = {М.},
  note      = {Введ. 01.01.1992},
}

@Book{gost_7.0,
  title     = {ГОСТ 7.0-99 Информационно-библиотечная деятельность, библиография. Термины и определения},
  publisher = {Межгосударственный совет по стандартизации, метрологии и сертификации},
  year      = {1999},
  address   = {М.},
}

@Book{domanov,
  title     = {Стандарт предприятия. Дипломные проекты (работы). Общие требования.},
  publisher = {БГУИР},
  year      = {2010},
  author    = {А. Т. Доманов and Н. И. Сорока},
  address   = {Минск},
}

@Misc{iso_iec_it_vocabulary,
  title        = {ISO/IEC 2382-1:1993, Information technology — Vocabulary — Part 1: Fundamental terms [Электронный ресурс]},
  howpublished = {Электронные данные},
  note         = {Режим доступа: https://www.iso.org/obp/ui/\#iso:std:iso-iec-ieee:2382:ed-1:v1:en. --- Дата доступа: 11.12.16},
  timestamp    = {2016-12-11},
}

@Book{architecture_volosevich,
  title     = {Архитектура программного обеспечения: Курс лекций для студентов специальности 1-40 01 03 Информатика и технологии программирования},
  publisher = {БГУИР},
  year      = {2013},
  author    = {А. А. Волосевич},
  address   = {Минск},
}

@InBook{introduction_to_architecture,
  title     = {An Introduction to Software Architecture},
  publisher = {World Scientific Publishing Company},
  year      = {1994},
  author    = {David Garlan and Mary Shaw},
  editor    = {V Ambriola and G Tortora},
  volume    = {I},
  address   = {New Jersey},
  journal   = {Advances in Software Engineering and Knowledge Engineering},
}

@Book{palitsyn,
  title     = {Технико-экономическое обоснование дипломных проектов: Метод. пособие для студ. всех спец. БГУИР. В 4-х ч. Ч. 4: Проекты программного обеспечения},
  publisher = {БГУИР},
  year      = {2006},
  author    = {В.А. Палицын},
  address   = {Мн},
  isbn      = {9854449068},
  note      = {76~с.},
}

@Misc{labour_calendar,
  author       = {Е.А. Пещенко},
  title        = {Производственный календарь на 2017 год [Электронный ресурс]},
  howpublished = {Электронные данные},
  note         = {Режим доступа: http://www.mintrud.gov.by/system/extensions/spaw/uploads/files/Kommetarij-2017-RV.pdf. --- Дата доступа: 06.04.17},
}

@Misc{belstat_average_wage,
  author       = {Белстат},
  title        = {О начисленной средней заработной плате работников в феврале 2017 г. [Электронный ресурс]},
  howpublished = {Электронные данные},
  note         = {Режим доступа: http://www.belstat.gov.by/ofitsialnaya-statistika/solialnaya-sfera/trud/operativnaya-informatsiya\_8/o-nachislennoi-srednei-zarabotnoi-plate-rabotnikov/o-nachislennoy-sredney-zarabotnoy-plate-rabotnikov-v-fevrale-2017-nbsp-g/. --- Дата доступа: 07.04.17},
}

@Comment{jabref-meta: databaseType:bibtex;}
